%YAML 1.1
%TAG !u! tag:unity3d.com,2011:
--- !u!29 &1
OcclusionCullingSettings:
  m_ObjectHideFlags: 0
  serializedVersion: 2
  m_OcclusionBakeSettings:
    smallestOccluder: 2
    smallestHole: 0.25
    backfaceThreshold: 100
  m_SceneGUID: ef18a6fcc8276e541a14d91f5fb2d496
  m_OcclusionCullingData: {fileID: 36300000, guid: ca5c63da2025a01478153bed37981a15,
    type: 2}
--- !u!104 &2
RenderSettings:
  m_ObjectHideFlags: 0
  serializedVersion: 8
  m_Fog: 0
  m_FogColor: {r: 0.5, g: 0.5, b: 0.5, a: 1}
  m_FogMode: 3
  m_FogDensity: 0.01
  m_LinearFogStart: 0
  m_LinearFogEnd: 300
  m_AmbientSkyColor: {r: 0.212, g: 0.227, b: 0.259, a: 1}
  m_AmbientEquatorColor: {r: 0.114, g: 0.125, b: 0.133, a: 1}
  m_AmbientGroundColor: {r: 0.047, g: 0.043, b: 0.035, a: 1}
  m_AmbientIntensity: 1
  m_AmbientMode: 3
  m_SubtractiveShadowColor: {r: 0.42, g: 0.478, b: 0.627, a: 1}
  m_SkyboxMaterial: {fileID: 0}
  m_HaloStrength: 0.5
  m_FlareStrength: 1
  m_FlareFadeSpeed: 3
  m_HaloTexture: {fileID: 0}
  m_SpotCookie: {fileID: 10001, guid: 0000000000000000e000000000000000, type: 0}
  m_DefaultReflectionMode: 0
  m_DefaultReflectionResolution: 128
  m_ReflectionBounces: 1
  m_ReflectionIntensity: 1
  m_CustomReflection: {fileID: 0}
  m_Sun: {fileID: 0}
  m_IndirectSpecularColor: {r: 0, g: 0, b: 0, a: 1}
--- !u!157 &3
LightmapSettings:
  m_ObjectHideFlags: 0
  serializedVersion: 11
  m_GIWorkflowMode: 1
  m_GISettings:
    serializedVersion: 2
    m_BounceScale: 1
    m_IndirectOutputScale: 1
    m_AlbedoBoost: 1
    m_TemporalCoherenceThreshold: 1
    m_EnvironmentLightingMode: 0
    m_EnableBakedLightmaps: 0
    m_EnableRealtimeLightmaps: 0
  m_LightmapEditorSettings:
    serializedVersion: 9
    m_Resolution: 2
    m_BakeResolution: 40
    m_TextureWidth: 1024
    m_TextureHeight: 1024
    m_AO: 0
    m_AOMaxDistance: 1
    m_CompAOExponent: 0
    m_CompAOExponentDirect: 0
    m_Padding: 2
    m_LightmapParameters: {fileID: 0}
    m_LightmapsBakeMode: 1
    m_TextureCompression: 1
    m_FinalGather: 0
    m_FinalGatherFiltering: 1
    m_FinalGatherRayCount: 1024
    m_ReflectionCompression: 2
    m_MixedBakeMode: 0
    m_BakeBackend: 0
    m_PVRSampling: 1
    m_PVRDirectSampleCount: 32
    m_PVRSampleCount: 500
    m_PVRBounces: 2
    m_PVRFilterTypeDirect: 0
    m_PVRFilterTypeIndirect: 0
    m_PVRFilterTypeAO: 0
    m_PVRFilteringMode: 1
    m_PVRCulling: 1
    m_PVRFilteringGaussRadiusDirect: 1
    m_PVRFilteringGaussRadiusIndirect: 5
    m_PVRFilteringGaussRadiusAO: 2
    m_PVRFilteringAtrousPositionSigmaDirect: 0.5
    m_PVRFilteringAtrousPositionSigmaIndirect: 2
    m_PVRFilteringAtrousPositionSigmaAO: 1
    m_ShowResolutionOverlay: 1
  m_LightingDataAsset: {fileID: 112000006, guid: f244d1e843d95b542b4d216faa585ae3,
    type: 2}
  m_UseShadowmask: 0
--- !u!196 &4
NavMeshSettings:
  serializedVersion: 2
  m_ObjectHideFlags: 0
  m_BuildSettings:
    serializedVersion: 2
    agentTypeID: 0
    agentRadius: 0.4
    agentHeight: 2
    agentSlope: 50
    agentClimb: 0.6
    ledgeDropHeight: 0
    maxJumpAcrossDistance: 0
    minRegionArea: 2
    manualCellSize: 0
    cellSize: 0.13333334
    manualTileSize: 0
    tileSize: 256
    accuratePlacement: 0
    debug:
      m_Flags: 0
  m_NavMeshData: {fileID: 23800000, guid: f885f0c7edce37c46919817a009517d8, type: 2}
--- !u!1001 &68058573
Prefab:
  m_ObjectHideFlags: 0
  serializedVersion: 2
  m_Modification:
    m_TransformParent: {fileID: 0}
    m_Modifications:
    - target: {fileID: 4172115724103708, guid: 861b75cfe59c43d45bdc2d2a2b73b221, type: 2}
      propertyPath: m_LocalPosition.x
      value: 295.91785
      objectReference: {fileID: 0}
    - target: {fileID: 4172115724103708, guid: 861b75cfe59c43d45bdc2d2a2b73b221, type: 2}
      propertyPath: m_LocalPosition.y
      value: 226.26534
      objectReference: {fileID: 0}
    - target: {fileID: 4172115724103708, guid: 861b75cfe59c43d45bdc2d2a2b73b221, type: 2}
      propertyPath: m_LocalPosition.z
      value: 0.9
      objectReference: {fileID: 0}
    - target: {fileID: 4172115724103708, guid: 861b75cfe59c43d45bdc2d2a2b73b221, type: 2}
      propertyPath: m_LocalRotation.x
      value: 0
      objectReference: {fileID: 0}
    - target: {fileID: 4172115724103708, guid: 861b75cfe59c43d45bdc2d2a2b73b221, type: 2}
      propertyPath: m_LocalRotation.y
      value: 0
      objectReference: {fileID: 0}
    - target: {fileID: 4172115724103708, guid: 861b75cfe59c43d45bdc2d2a2b73b221, type: 2}
      propertyPath: m_LocalRotation.z
      value: 0
      objectReference: {fileID: 0}
    - target: {fileID: 4172115724103708, guid: 861b75cfe59c43d45bdc2d2a2b73b221, type: 2}
      propertyPath: m_LocalRotation.w
      value: 1
      objectReference: {fileID: 0}
    - target: {fileID: 4172115724103708, guid: 861b75cfe59c43d45bdc2d2a2b73b221, type: 2}
      propertyPath: m_RootOrder
      value: 1
      objectReference: {fileID: 0}
    - target: {fileID: 224342757487705458, guid: 861b75cfe59c43d45bdc2d2a2b73b221,
        type: 2}
      propertyPath: m_LocalPosition.y
      value: 106
      objectReference: {fileID: 0}
    - target: {fileID: 224551728964285838, guid: 861b75cfe59c43d45bdc2d2a2b73b221,
        type: 2}
      propertyPath: m_LocalPosition.y
      value: 0
      objectReference: {fileID: 0}
    - target: {fileID: 224898819147279444, guid: 861b75cfe59c43d45bdc2d2a2b73b221,
        type: 2}
      propertyPath: m_LocalPosition.x
      value: 341.1172
      objectReference: {fileID: 0}
    - target: {fileID: 114068622763357046, guid: 861b75cfe59c43d45bdc2d2a2b73b221,
        type: 2}
      propertyPath: mainCam
      value: 
      objectReference: {fileID: 118140608}
    - target: {fileID: 114068622763357046, guid: 861b75cfe59c43d45bdc2d2a2b73b221,
        type: 2}
      propertyPath: mainCamObj
      value: 
      objectReference: {fileID: 118140604}
    - target: {fileID: 114068622763357046, guid: 861b75cfe59c43d45bdc2d2a2b73b221,
        type: 2}
      propertyPath: uiEventSystem
      value: 
      objectReference: {fileID: 312000296}
    - target: {fileID: 224863731658091662, guid: 861b75cfe59c43d45bdc2d2a2b73b221,
        type: 2}
      propertyPath: m_LocalPosition.x
      value: 149.58215
      objectReference: {fileID: 0}
    - target: {fileID: 224863731658091662, guid: 861b75cfe59c43d45bdc2d2a2b73b221,
        type: 2}
      propertyPath: m_LocalPosition.y
      value: 24.234665
      objectReference: {fileID: 0}
    - target: {fileID: 224467204300766418, guid: 861b75cfe59c43d45bdc2d2a2b73b221,
        type: 2}
      propertyPath: m_LocalPosition.y
      value: 220.99998
      objectReference: {fileID: 0}
    - target: {fileID: 224526990099240148, guid: 861b75cfe59c43d45bdc2d2a2b73b221,
        type: 2}
      propertyPath: m_LocalPosition.x
      value: 740.1172
      objectReference: {fileID: 0}
    m_RemovedComponents: []
  m_ParentPrefab: {fileID: 100100000, guid: 861b75cfe59c43d45bdc2d2a2b73b221, type: 2}
  m_IsPrefabParent: 0
--- !u!1 &118140604
GameObject:
  m_ObjectHideFlags: 0
  m_PrefabParentObject: {fileID: 0}
  m_PrefabInternal: {fileID: 0}
  serializedVersion: 5
  m_Component:
  - component: {fileID: 118140609}
  - component: {fileID: 118140608}
  - component: {fileID: 118140607}
  m_Layer: 0
  m_Name: Persistant Camera
  m_TagString: Untagged
  m_Icon: {fileID: 0}
  m_NavMeshLayer: 0
  m_StaticEditorFlags: 0
  m_IsActive: 1
--- !u!124 &118140607
Behaviour:
  m_ObjectHideFlags: 0
  m_PrefabParentObject: {fileID: 0}
  m_PrefabInternal: {fileID: 0}
  m_GameObject: {fileID: 118140604}
  m_Enabled: 1
--- !u!20 &118140608
Camera:
  m_ObjectHideFlags: 0
  m_PrefabParentObject: {fileID: 0}
  m_PrefabInternal: {fileID: 0}
  m_GameObject: {fileID: 118140604}
  m_Enabled: 1
  serializedVersion: 2
  m_ClearFlags: 1
  m_BackGroundColor: {r: 0.19215687, g: 0.3019608, b: 0.4745098, a: 0}
  m_NormalizedViewPortRect:
    serializedVersion: 2
    x: 0
    y: 0
    width: 1
    height: 1
  near clip plane: 0.3
  far clip plane: 1000
  field of view: 60
  orthographic: 0
  orthographic size: 5
  m_Depth: 0
  m_CullingMask:
    serializedVersion: 2
    m_Bits: 4294967295
  m_RenderingPath: -1
  m_TargetTexture: {fileID: 0}
  m_TargetDisplay: 0
  m_TargetEye: 3
  m_HDR: 1
  m_AllowMSAA: 1
  m_AllowDynamicResolution: 0
  m_ForceIntoRT: 0
  m_OcclusionCulling: 1
  m_StereoConvergence: 10
  m_StereoSeparation: 0.022
--- !u!4 &118140609
Transform:
  m_ObjectHideFlags: 0
  m_PrefabParentObject: {fileID: 0}
  m_PrefabInternal: {fileID: 0}
  m_GameObject: {fileID: 118140604}
  m_LocalRotation: {x: 0, y: 0, z: 0, w: 1}
  m_LocalPosition: {x: 418.90152, y: 198.9249, z: -330.9032}
  m_LocalScale: {x: 1, y: 1, z: 1}
  m_Children: []
  m_Father: {fileID: 0}
  m_RootOrder: 6
  m_LocalEulerAnglesHint: {x: 0, y: 0, z: 0}
--- !u!1 &185338585
GameObject:
  m_ObjectHideFlags: 0
  m_PrefabParentObject: {fileID: 106300, guid: 0036c73aed31ec14fbbf45853c79fc14, type: 2}
  m_PrefabInternal: {fileID: 0}
  serializedVersion: 5
  m_Component:
  - component: {fileID: 185338586}
  - component: {fileID: 185338587}
  m_Layer: 0
  m_Name: Ambient
  m_TagString: Untagged
  m_Icon: {fileID: 0}
  m_NavMeshLayer: 0
  m_StaticEditorFlags: 0
  m_IsActive: 1
--- !u!4 &185338586
Transform:
  m_ObjectHideFlags: 0
  m_PrefabParentObject: {fileID: 429794, guid: 0036c73aed31ec14fbbf45853c79fc14, type: 2}
  m_PrefabInternal: {fileID: 0}
  m_GameObject: {fileID: 185338585}
  m_LocalRotation: {x: -0, y: -0, z: -0, w: 1}
  m_LocalPosition: {x: 0, y: 0, z: 0}
  m_LocalScale: {x: 1, y: 1, z: 1}
  m_Children: []
  m_Father: {fileID: 1131390654}
  m_RootOrder: 2
  m_LocalEulerAnglesHint: {x: 0, y: 0, z: 0}
--- !u!82 &185338587
AudioSource:
  m_ObjectHideFlags: 0
  m_PrefabParentObject: {fileID: 8260042, guid: 0036c73aed31ec14fbbf45853c79fc14,
    type: 2}
  m_PrefabInternal: {fileID: 0}
  m_GameObject: {fileID: 185338585}
  m_Enabled: 1
  serializedVersion: 4
  OutputAudioMixerGroup: {fileID: 0}
  m_audioClip: {fileID: 8300000, guid: 19e9160e69a211246b8d3e4de36e96ec, type: 3}
  m_PlayOnAwake: 1
  m_Volume: 1
  m_Pitch: 1
  Loop: 1
  Mute: 0
  Spatialize: 0
  SpatializePostEffects: 0
  Priority: 128
  DopplerLevel: 1
  MinDistance: 1
  MaxDistance: 500
  Pan2D: 0
  rolloffMode: 0
  BypassEffects: 0
  BypassListenerEffects: 0
  BypassReverbZones: 0
  rolloffCustomCurve:
    serializedVersion: 2
    m_Curve:
    - serializedVersion: 2
      time: 0
      value: 1
      inSlope: 0
      outSlope: 0
      tangentMode: 0
    - serializedVersion: 2
      time: 1
      value: 0
      inSlope: 0
      outSlope: 0
      tangentMode: 0
    m_PreInfinity: 2
    m_PostInfinity: 2
    m_RotationOrder: 4
  panLevelCustomCurve:
    serializedVersion: 2
    m_Curve:
    - serializedVersion: 2
      time: 0
      value: 0
      inSlope: 0
      outSlope: 0
      tangentMode: 0
    m_PreInfinity: 2
    m_PostInfinity: 2
    m_RotationOrder: 0
  spreadCustomCurve:
    serializedVersion: 2
    m_Curve:
    - serializedVersion: 2
      time: 0
      value: 0
      inSlope: 0
      outSlope: 0
      tangentMode: 0
    m_PreInfinity: 2
    m_PostInfinity: 2
    m_RotationOrder: 4
  reverbZoneMixCustomCurve:
    serializedVersion: 2
    m_Curve:
    - serializedVersion: 2
      time: 0
      value: 1
      inSlope: 0
      outSlope: 0
      tangentMode: 0
    m_PreInfinity: 2
    m_PostInfinity: 2
    m_RotationOrder: 0
--- !u!1001 &215982749
Prefab:
  m_ObjectHideFlags: 0
  serializedVersion: 2
  m_Modification:
    m_TransformParent: {fileID: 0}
    m_Modifications:
    - target: {fileID: 224485819496972076, guid: bd64d523513271448a09840fd650ee00,
        type: 2}
      propertyPath: m_LocalPosition.x
      value: 0
      objectReference: {fileID: 0}
    - target: {fileID: 224485819496972076, guid: bd64d523513271448a09840fd650ee00,
        type: 2}
      propertyPath: m_LocalPosition.y
      value: 0
      objectReference: {fileID: 0}
    - target: {fileID: 224485819496972076, guid: bd64d523513271448a09840fd650ee00,
        type: 2}
      propertyPath: m_LocalPosition.z
      value: 0
      objectReference: {fileID: 0}
    - target: {fileID: 224485819496972076, guid: bd64d523513271448a09840fd650ee00,
        type: 2}
      propertyPath: m_LocalRotation.x
      value: 0
      objectReference: {fileID: 0}
    - target: {fileID: 224485819496972076, guid: bd64d523513271448a09840fd650ee00,
        type: 2}
      propertyPath: m_LocalRotation.y
      value: 0
      objectReference: {fileID: 0}
    - target: {fileID: 224485819496972076, guid: bd64d523513271448a09840fd650ee00,
        type: 2}
      propertyPath: m_LocalRotation.z
      value: 0
      objectReference: {fileID: 0}
    - target: {fileID: 224485819496972076, guid: bd64d523513271448a09840fd650ee00,
        type: 2}
      propertyPath: m_LocalRotation.w
      value: 1
      objectReference: {fileID: 0}
    - target: {fileID: 224485819496972076, guid: bd64d523513271448a09840fd650ee00,
        type: 2}
      propertyPath: m_RootOrder
      value: 0
      objectReference: {fileID: 0}
    - target: {fileID: 224485819496972076, guid: bd64d523513271448a09840fd650ee00,
        type: 2}
      propertyPath: m_AnchoredPosition.x
      value: 0
      objectReference: {fileID: 0}
    - target: {fileID: 224485819496972076, guid: bd64d523513271448a09840fd650ee00,
        type: 2}
      propertyPath: m_AnchoredPosition.y
      value: 0
      objectReference: {fileID: 0}
    - target: {fileID: 224485819496972076, guid: bd64d523513271448a09840fd650ee00,
        type: 2}
      propertyPath: m_SizeDelta.x
      value: 0
      objectReference: {fileID: 0}
    - target: {fileID: 224485819496972076, guid: bd64d523513271448a09840fd650ee00,
        type: 2}
      propertyPath: m_SizeDelta.y
      value: 0
      objectReference: {fileID: 0}
    - target: {fileID: 224485819496972076, guid: bd64d523513271448a09840fd650ee00,
        type: 2}
      propertyPath: m_AnchorMin.x
      value: 0
      objectReference: {fileID: 0}
    - target: {fileID: 224485819496972076, guid: bd64d523513271448a09840fd650ee00,
        type: 2}
      propertyPath: m_AnchorMin.y
      value: 0
      objectReference: {fileID: 0}
    - target: {fileID: 224485819496972076, guid: bd64d523513271448a09840fd650ee00,
        type: 2}
      propertyPath: m_AnchorMax.x
      value: 0
      objectReference: {fileID: 0}
    - target: {fileID: 224485819496972076, guid: bd64d523513271448a09840fd650ee00,
        type: 2}
      propertyPath: m_AnchorMax.y
      value: 0
      objectReference: {fileID: 0}
    - target: {fileID: 224485819496972076, guid: bd64d523513271448a09840fd650ee00,
        type: 2}
      propertyPath: m_Pivot.x
      value: 0
      objectReference: {fileID: 0}
    - target: {fileID: 224485819496972076, guid: bd64d523513271448a09840fd650ee00,
        type: 2}
      propertyPath: m_Pivot.y
      value: 0
      objectReference: {fileID: 0}
    - target: {fileID: 114362138398307388, guid: bd64d523513271448a09840fd650ee00,
        type: 2}
      propertyPath: m_Delegates.Array.data[0].callback.m_PersistentCalls.m_Calls.Array.data[0].m_Target
      value: 
      objectReference: {fileID: 2009195614}
    - target: {fileID: 114362138398307388, guid: bd64d523513271448a09840fd650ee00,
        type: 2}
      propertyPath: m_Delegates.Array.data[1].callback.m_PersistentCalls.m_Calls.Array.data[0].m_Target
      value: 
      objectReference: {fileID: 2009195614}
    - target: {fileID: 114300326574068730, guid: bd64d523513271448a09840fd650ee00,
        type: 2}
      propertyPath: m_Delegates.Array.data[0].callback.m_PersistentCalls.m_Calls.Array.data[0].m_Target
      value: 
      objectReference: {fileID: 2009195614}
    - target: {fileID: 114300326574068730, guid: bd64d523513271448a09840fd650ee00,
        type: 2}
      propertyPath: m_Delegates.Array.data[1].callback.m_PersistentCalls.m_Calls.Array.data[0].m_Target
      value: 
      objectReference: {fileID: 2009195614}
    - target: {fileID: 114262120440470946, guid: bd64d523513271448a09840fd650ee00,
        type: 2}
      propertyPath: m_Delegates.Array.data[0].callback.m_PersistentCalls.m_Calls.Array.data[0].m_Target
      value: 
      objectReference: {fileID: 2009195614}
    - target: {fileID: 114262120440470946, guid: bd64d523513271448a09840fd650ee00,
        type: 2}
      propertyPath: m_Delegates.Array.data[1].callback.m_PersistentCalls.m_Calls.Array.data[0].m_Target
      value: 
      objectReference: {fileID: 2009195614}
    - target: {fileID: 114146860494147150, guid: bd64d523513271448a09840fd650ee00,
        type: 2}
      propertyPath: m_Delegates.Array.data[0].callback.m_PersistentCalls.m_Calls.Array.data[0].m_Target
      value: 
      objectReference: {fileID: 2009195614}
    - target: {fileID: 114146860494147150, guid: bd64d523513271448a09840fd650ee00,
        type: 2}
      propertyPath: m_Delegates.Array.data[1].callback.m_PersistentCalls.m_Calls.Array.data[0].m_Target
      value: 
      objectReference: {fileID: 2009195614}
    - target: {fileID: 114874696113472762, guid: bd64d523513271448a09840fd650ee00,
        type: 2}
      propertyPath: m_Delegates.Array.data[0].callback.m_PersistentCalls.m_Calls.Array.data[0].m_Target
      value: 
      objectReference: {fileID: 2009195614}
    - target: {fileID: 114874696113472762, guid: bd64d523513271448a09840fd650ee00,
        type: 2}
      propertyPath: m_Delegates.Array.data[1].callback.m_PersistentCalls.m_Calls.Array.data[0].m_Target
      value: 
      objectReference: {fileID: 2009195614}
    m_RemovedComponents: []
  m_ParentPrefab: {fileID: 100100000, guid: bd64d523513271448a09840fd650ee00, type: 2}
  m_IsPrefabParent: 0
--- !u!1 &312000294
GameObject:
  m_ObjectHideFlags: 0
  m_PrefabParentObject: {fileID: 126730, guid: 7e1e644ceb542f244a94d4a588f67420, type: 2}
  m_PrefabInternal: {fileID: 0}
  serializedVersion: 5
  m_Component:
  - component: {fileID: 312000297}
  - component: {fileID: 312000296}
  - component: {fileID: 312000295}
  m_Layer: 0
  m_Name: EventSystem
  m_TagString: Untagged
  m_Icon: {fileID: 0}
  m_NavMeshLayer: 0
  m_StaticEditorFlags: 0
  m_IsActive: 1
--- !u!114 &312000295
MonoBehaviour:
  m_ObjectHideFlags: 0
  m_PrefabParentObject: {fileID: 11425036, guid: 7e1e644ceb542f244a94d4a588f67420,
    type: 2}
  m_PrefabInternal: {fileID: 0}
  m_GameObject: {fileID: 312000294}
  m_Enabled: 1
  m_EditorHideFlags: 0
  m_Script: {fileID: 1077351063, guid: f5f67c52d1564df4a8936ccd202a3bd8, type: 3}
  m_Name: 
  m_EditorClassIdentifier: 
  m_HorizontalAxis: Horizontal
  m_VerticalAxis: Vertical
  m_SubmitButton: Submit
  m_CancelButton: Cancel
  m_InputActionsPerSecond: 10
  m_RepeatDelay: 0.5
  m_ForceModuleActive: 0
--- !u!114 &312000296
MonoBehaviour:
  m_ObjectHideFlags: 0
  m_PrefabParentObject: {fileID: 11450688, guid: 7e1e644ceb542f244a94d4a588f67420,
    type: 2}
  m_PrefabInternal: {fileID: 0}
  m_GameObject: {fileID: 312000294}
  m_Enabled: 1
  m_EditorHideFlags: 0
  m_Script: {fileID: -619905303, guid: f5f67c52d1564df4a8936ccd202a3bd8, type: 3}
  m_Name: 
  m_EditorClassIdentifier: 
  m_FirstSelected: {fileID: 0}
  m_sendNavigationEvents: 1
  m_DragThreshold: 5
--- !u!4 &312000297
Transform:
  m_ObjectHideFlags: 0
  m_PrefabParentObject: {fileID: 419912, guid: 7e1e644ceb542f244a94d4a588f67420, type: 2}
  m_PrefabInternal: {fileID: 0}
  m_GameObject: {fileID: 312000294}
  m_LocalRotation: {x: 0, y: 0, z: 0, w: 1}
  m_LocalPosition: {x: 0, y: 0, z: 0}
  m_LocalScale: {x: 1, y: 1, z: 1}
  m_Children: []
  m_Father: {fileID: 0}
  m_RootOrder: 2
  m_LocalEulerAnglesHint: {x: 0, y: 0, z: 0}
--- !u!1 &353158844
GameObject:
  m_ObjectHideFlags: 0
  m_PrefabParentObject: {fileID: 0}
  m_PrefabInternal: {fileID: 0}
  serializedVersion: 5
  m_Component:
  - component: {fileID: 353158847}
  - component: {fileID: 353158845}
  - component: {fileID: 353158846}
  m_Layer: 0
  m_Name: SceneController
  m_TagString: Untagged
  m_Icon: {fileID: 0}
  m_NavMeshLayer: 0
  m_StaticEditorFlags: 0
  m_IsActive: 1
--- !u!81 &353158845
AudioListener:
  m_ObjectHideFlags: 0
  m_PrefabParentObject: {fileID: 0}
  m_PrefabInternal: {fileID: 0}
  m_GameObject: {fileID: 353158844}
  m_Enabled: 1
--- !u!114 &353158846
MonoBehaviour:
  m_ObjectHideFlags: 0
  m_PrefabParentObject: {fileID: 0}
  m_PrefabInternal: {fileID: 0}
  m_GameObject: {fileID: 353158844}
  m_Enabled: 1
  m_EditorHideFlags: 0
  m_Script: {fileID: 11500000, guid: f71c7948c9c09fe409c0b88b7e7d98e3, type: 3}
  m_Name: 
  m_EditorClassIdentifier: 
  faderCanvasGroup: {fileID: 1708470355}
  fadeDuration: 0.2
  startingSceneName: Demo
  initialStartingPositionName: Player
  playerSaveData: {fileID: 11400000, guid: 55d72825bf06cf44e9cbc1b37812cc6f, type: 2}
  persistantCamera: {fileID: 118140608}
--- !u!4 &353158847
Transform:
  m_ObjectHideFlags: 0
  m_PrefabParentObject: {fileID: 0}
  m_PrefabInternal: {fileID: 0}
  m_GameObject: {fileID: 353158844}
  m_LocalRotation: {x: 0, y: 0, z: 0, w: 1}
  m_LocalPosition: {x: 0, y: 0, z: 0}
  m_LocalScale: {x: 1, y: 1, z: 1}
  m_Children: []
  m_Father: {fileID: 0}
  m_RootOrder: 4
  m_LocalEulerAnglesHint: {x: 0, y: 0, z: 0}
--- !u!1 &476674767
GameObject:
  m_ObjectHideFlags: 0
  m_PrefabParentObject: {fileID: 0}
  m_PrefabInternal: {fileID: 0}
  serializedVersion: 5
  m_Component:
  - component: {fileID: 476674768}
  - component: {fileID: 476674769}
  m_Layer: 0
  m_Name: Music
  m_TagString: Untagged
  m_Icon: {fileID: 0}
  m_NavMeshLayer: 0
  m_StaticEditorFlags: 0
  m_IsActive: 1
--- !u!4 &476674768
Transform:
  m_ObjectHideFlags: 0
  m_PrefabParentObject: {fileID: 0}
  m_PrefabInternal: {fileID: 0}
  m_GameObject: {fileID: 476674767}
  m_LocalRotation: {x: 0, y: 0, z: 0, w: 1}
  m_LocalPosition: {x: 0, y: 0, z: 0}
  m_LocalScale: {x: 1, y: 1, z: 1}
  m_Children: []
  m_Father: {fileID: 1131390654}
  m_RootOrder: 0
  m_LocalEulerAnglesHint: {x: 0, y: 0, z: 0}
--- !u!82 &476674769
AudioSource:
  m_ObjectHideFlags: 0
  m_PrefabParentObject: {fileID: 0}
  m_PrefabInternal: {fileID: 0}
  m_GameObject: {fileID: 476674767}
  m_Enabled: 1
  serializedVersion: 4
  OutputAudioMixerGroup: {fileID: 0}
  m_audioClip: {fileID: 0}
  m_PlayOnAwake: 1
  m_Volume: 1
  m_Pitch: 1
  Loop: 1
  Mute: 0
  Spatialize: 0
  SpatializePostEffects: 0
  Priority: 128
  DopplerLevel: 1
  MinDistance: 1
  MaxDistance: 500
  Pan2D: 0
  rolloffMode: 0
  BypassEffects: 0
  BypassListenerEffects: 0
  BypassReverbZones: 0
  rolloffCustomCurve:
    serializedVersion: 2
    m_Curve:
    - serializedVersion: 2
      time: 0
      value: 1
      inSlope: 0
      outSlope: 0
      tangentMode: 0
    - serializedVersion: 2
      time: 1
      value: 0
      inSlope: 0
      outSlope: 0
      tangentMode: 0
    m_PreInfinity: 2
    m_PostInfinity: 2
    m_RotationOrder: 4
  panLevelCustomCurve:
    serializedVersion: 2
    m_Curve:
    - serializedVersion: 2
      time: 0
      value: 0
      inSlope: 0
      outSlope: 0
      tangentMode: 0
    m_PreInfinity: 2
    m_PostInfinity: 2
    m_RotationOrder: 0
  spreadCustomCurve:
    serializedVersion: 2
    m_Curve:
    - serializedVersion: 2
      time: 0
      value: 0
      inSlope: 0
      outSlope: 0
      tangentMode: 0
    m_PreInfinity: 2
    m_PostInfinity: 2
    m_RotationOrder: 0
  reverbZoneMixCustomCurve:
    serializedVersion: 2
    m_Curve:
    - serializedVersion: 2
      time: 0
      value: 1
      inSlope: 0
      outSlope: 0
      tangentMode: 0
    m_PreInfinity: 2
    m_PostInfinity: 2
    m_RotationOrder: 0
--- !u!1 &1131390652
GameObject:
  m_ObjectHideFlags: 0
  m_PrefabParentObject: {fileID: 0}
  m_PrefabInternal: {fileID: 0}
  serializedVersion: 5
  m_Component:
  - component: {fileID: 1131390654}
  - component: {fileID: 1131390653}
  m_Layer: 0
  m_Name: AudioController
  m_TagString: Untagged
  m_Icon: {fileID: 0}
  m_NavMeshLayer: 0
  m_StaticEditorFlags: 0
  m_IsActive: 1
--- !u!114 &1131390653
MonoBehaviour:
  m_ObjectHideFlags: 0
  m_PrefabParentObject: {fileID: 0}
  m_PrefabInternal: {fileID: 0}
  m_GameObject: {fileID: 1131390652}
  m_Enabled: 1
  m_EditorHideFlags: 0
  m_Script: {fileID: 11500000, guid: d0c906a23e680564f84d8d4e291e5b79, type: 3}
  m_Name: 
  m_EditorClassIdentifier: 
  music: {fileID: 476674769}
  effects: {fileID: 1789947799}
  ambient: {fileID: 185338587}
  voice: {fileID: 2052306812}
--- !u!4 &1131390654
Transform:
  m_ObjectHideFlags: 0
  m_PrefabParentObject: {fileID: 0}
  m_PrefabInternal: {fileID: 0}
  m_GameObject: {fileID: 1131390652}
  m_LocalRotation: {x: 0, y: 0, z: 0, w: 1}
  m_LocalPosition: {x: 0, y: 0, z: 0}
  m_LocalScale: {x: 1, y: 1, z: 1}
  m_Children:
  - {fileID: 476674768}
  - {fileID: 1789947798}
  - {fileID: 185338586}
  - {fileID: 2052306811}
  m_Father: {fileID: 0}
  m_RootOrder: 5
  m_LocalEulerAnglesHint: {x: 0, y: 0, z: 0}
--- !u!1 &1446455601
GameObject:
  m_ObjectHideFlags: 0
  m_PrefabParentObject: {fileID: 0}
  m_PrefabInternal: {fileID: 0}
  serializedVersion: 5
  m_Component:
  - component: {fileID: 1446455603}
  - component: {fileID: 1446455602}
  m_Layer: 0
  m_Name: DataResetter
  m_TagString: Untagged
  m_Icon: {fileID: 0}
  m_NavMeshLayer: 0
  m_StaticEditorFlags: 0
  m_IsActive: 1
--- !u!114 &1446455602
MonoBehaviour:
  m_ObjectHideFlags: 0
  m_PrefabParentObject: {fileID: 0}
  m_PrefabInternal: {fileID: 0}
  m_GameObject: {fileID: 1446455601}
  m_Enabled: 1
  m_EditorHideFlags: 0
  m_Script: {fileID: 11500000, guid: 53c91b699634ffb4d8adb3f3393588e0, type: 3}
  m_Name: 
  m_EditorClassIdentifier: 
  resettableScriptableObjects: []
--- !u!4 &1446455603
Transform:
  m_ObjectHideFlags: 0
  m_PrefabParentObject: {fileID: 0}
  m_PrefabInternal: {fileID: 0}
  m_GameObject: {fileID: 1446455601}
  m_LocalRotation: {x: 0, y: 0, z: 0, w: 1}
  m_LocalPosition: {x: 0, y: 0, z: 0}
  m_LocalScale: {x: 1, y: 1, z: 1}
  m_Children: []
  m_Father: {fileID: 0}
  m_RootOrder: 3
  m_LocalEulerAnglesHint: {x: 0, y: 0, z: 0}
--- !u!225 &1708470355 stripped
CanvasGroup:
  m_PrefabParentObject: {fileID: 225763530963713502, guid: bd64d523513271448a09840fd650ee00,
    type: 2}
  m_PrefabInternal: {fileID: 215982749}
--- !u!1 &1789947797
GameObject:
  m_ObjectHideFlags: 0
  m_PrefabParentObject: {fileID: 125858, guid: 0036c73aed31ec14fbbf45853c79fc14, type: 2}
  m_PrefabInternal: {fileID: 0}
  serializedVersion: 5
  m_Component:
  - component: {fileID: 1789947798}
  - component: {fileID: 1789947799}
  m_Layer: 0
  m_Name: SFX
  m_TagString: Untagged
  m_Icon: {fileID: 0}
  m_NavMeshLayer: 0
  m_StaticEditorFlags: 0
  m_IsActive: 1
--- !u!4 &1789947798
Transform:
  m_ObjectHideFlags: 0
  m_PrefabParentObject: {fileID: 409056, guid: 0036c73aed31ec14fbbf45853c79fc14, type: 2}
  m_PrefabInternal: {fileID: 0}
  m_GameObject: {fileID: 1789947797}
  m_LocalRotation: {x: -0, y: -0, z: -0, w: 1}
  m_LocalPosition: {x: 0, y: 0, z: 0}
  m_LocalScale: {x: 1, y: 1, z: 1}
  m_Children: []
  m_Father: {fileID: 1131390654}
  m_RootOrder: 1
  m_LocalEulerAnglesHint: {x: 0, y: 0, z: 0}
--- !u!82 &1789947799
AudioSource:
  m_ObjectHideFlags: 0
  m_PrefabParentObject: {fileID: 8299186, guid: 0036c73aed31ec14fbbf45853c79fc14,
    type: 2}
  m_PrefabInternal: {fileID: 0}
  m_GameObject: {fileID: 1789947797}
  m_Enabled: 1
  serializedVersion: 4
  OutputAudioMixerGroup: {fileID: 0}
  m_audioClip: {fileID: 0}
  m_PlayOnAwake: 0
  m_Volume: 1
  m_Pitch: 1
  Loop: 0
  Mute: 0
  Spatialize: 0
  SpatializePostEffects: 0
  Priority: 128
  DopplerLevel: 1
  MinDistance: 1
  MaxDistance: 500
  Pan2D: 0
  rolloffMode: 0
  BypassEffects: 0
  BypassListenerEffects: 0
  BypassReverbZones: 0
  rolloffCustomCurve:
    serializedVersion: 2
    m_Curve:
    - serializedVersion: 2
      time: 0
      value: 1
      inSlope: 0
      outSlope: 0
      tangentMode: 0
    - serializedVersion: 2
      time: 1
      value: 0
      inSlope: 0
      outSlope: 0
      tangentMode: 0
    m_PreInfinity: 2
    m_PostInfinity: 2
    m_RotationOrder: 4
  panLevelCustomCurve:
    serializedVersion: 2
    m_Curve:
    - serializedVersion: 2
      time: 0
      value: 0
      inSlope: 0
      outSlope: 0
      tangentMode: 0
    m_PreInfinity: 2
    m_PostInfinity: 2
    m_RotationOrder: 0
  spreadCustomCurve:
    serializedVersion: 2
    m_Curve:
    - serializedVersion: 2
      time: 0
      value: 0
      inSlope: 0
      outSlope: 0
      tangentMode: 0
    m_PreInfinity: 2
    m_PostInfinity: 2
    m_RotationOrder: 4
  reverbZoneMixCustomCurve:
    serializedVersion: 2
    m_Curve:
    - serializedVersion: 2
      time: 0
      value: 1
      inSlope: 0
      outSlope: 0
      tangentMode: 0
    m_PreInfinity: 2
    m_PostInfinity: 2
    m_RotationOrder: 0
--- !u!1 &2009195612
GameObject:
  m_ObjectHideFlags: 0
  m_PrefabParentObject: {fileID: 0}
  m_PrefabInternal: {fileID: 0}
  serializedVersion: 5
  m_Component:
  - component: {fileID: 2009195616}
  - component: {fileID: 2009195614}
  m_Layer: 0
  m_Name: MouseController
  m_TagString: Untagged
  m_Icon: {fileID: 0}
  m_NavMeshLayer: 0
  m_StaticEditorFlags: 0
  m_IsActive: 1
--- !u!114 &2009195614
MonoBehaviour:
  m_ObjectHideFlags: 0
  m_PrefabParentObject: {fileID: 0}
  m_PrefabInternal: {fileID: 0}
  m_GameObject: {fileID: 2009195612}
  m_Enabled: 1
  m_EditorHideFlags: 0
  m_Script: {fileID: 11500000, guid: 4a681e6b6fb85aa46905a26b184293a7, type: 3}
  m_Name: 
  m_EditorClassIdentifier: 
  Pointer: {fileID: 2800000, guid: 6dae1a49aafb25f44a84f6e8ef8a3ac7, type: 3}
  Arrow: {fileID: 2800000, guid: 871cc40c7b90ffb4890bffcede39fc34, type: 3}
  Move: {fileID: 2800000, guid: 922ec705d93f6a34eb796cee3062bb1d, type: 3}
  MoveSmall: {fileID: 2800000, guid: bf625f3c8e62ed64ba15355ed8c30c7c, type: 3}
  PointerSmall: {fileID: 2800000, guid: 2cff0485e0b19f641a0250ffc929a429, type: 3}
  layerMask:
    serializedVersion: 2
    m_Bits: 132129
  OverrideMouse_Dragging: 0
  OverrideMouse_MissionUI: 0
  OverrideMouse_MissionBtn: 0
  OverrideMouse_InventoryGrid: 0
  OverrideMouse_Inventory: 0
  OverrideMouse_Dialog: 0
  OverrideMouse_Terminal: 0
--- !u!224 &2009195616
RectTransform:
  m_ObjectHideFlags: 0
  m_PrefabParentObject: {fileID: 0}
  m_PrefabInternal: {fileID: 0}
  m_GameObject: {fileID: 2009195612}
  m_LocalRotation: {x: 0, y: 0, z: 0, w: 1}
  m_LocalPosition: {x: 0, y: 0, z: 0}
  m_LocalScale: {x: 1, y: 1, z: 1}
  m_Children: []
  m_Father: {fileID: 0}
  m_RootOrder: 7
  m_LocalEulerAnglesHint: {x: 0, y: 0, z: 0}
  m_AnchorMin: {x: 0.5, y: 0.5}
  m_AnchorMax: {x: 0.5, y: 0.5}
  m_AnchoredPosition: {x: 0, y: 0}
  m_SizeDelta: {x: 100, y: 100}
  m_Pivot: {x: 0.5, y: 0.5}
--- !u!1 &2052306810
GameObject:
  m_ObjectHideFlags: 0
  m_PrefabParentObject: {fileID: 147032, guid: 0036c73aed31ec14fbbf45853c79fc14, type: 2}
  m_PrefabInternal: {fileID: 0}
  serializedVersion: 5
  m_Component:
  - component: {fileID: 2052306811}
  - component: {fileID: 2052306812}
  m_Layer: 0
  m_Name: Voice
  m_TagString: Untagged
  m_Icon: {fileID: 0}
  m_NavMeshLayer: 0
  m_StaticEditorFlags: 0
  m_IsActive: 1
--- !u!4 &2052306811
Transform:
  m_ObjectHideFlags: 0
  m_PrefabParentObject: {fileID: 474294, guid: 0036c73aed31ec14fbbf45853c79fc14, type: 2}
  m_PrefabInternal: {fileID: 0}
  m_GameObject: {fileID: 2052306810}
  m_LocalRotation: {x: -0, y: -0, z: -0, w: 1}
  m_LocalPosition: {x: 0, y: 0, z: 0}
  m_LocalScale: {x: 1, y: 1, z: 1}
  m_Children: []
  m_Father: {fileID: 1131390654}
  m_RootOrder: 3
  m_LocalEulerAnglesHint: {x: 0, y: 0, z: 0}
--- !u!82 &2052306812
AudioSource:
  m_ObjectHideFlags: 0
  m_PrefabParentObject: {fileID: 8277418, guid: 0036c73aed31ec14fbbf45853c79fc14,
    type: 2}
  m_PrefabInternal: {fileID: 0}
  m_GameObject: {fileID: 2052306810}
  m_Enabled: 1
  serializedVersion: 4
  OutputAudioMixerGroup: {fileID: 0}
  m_audioClip: {fileID: 0}
  m_PlayOnAwake: 0
  m_Volume: 1
  m_Pitch: 1
  Loop: 0
  Mute: 0
  Spatialize: 0
  SpatializePostEffects: 0
  Priority: 128
  DopplerLevel: 1
  MinDistance: 1
  MaxDistance: 500
  Pan2D: 0
  rolloffMode: 0
  BypassEffects: 0
  BypassListenerEffects: 0
  BypassReverbZones: 0
  rolloffCustomCurve:
    serializedVersion: 2
    m_Curve:
    - serializedVersion: 2
      time: 0
      value: 1
      inSlope: 0
      outSlope: 0
      tangentMode: 0
    - serializedVersion: 2
      time: 1
      value: 0
      inSlope: 0
      outSlope: 0
      tangentMode: 0
    m_PreInfinity: 2
    m_PostInfinity: 2
    m_RotationOrder: 4
  panLevelCustomCurve:
    serializedVersion: 2
    m_Curve:
    - serializedVersion: 2
      time: 0
      value: 0
      inSlope: 0
      outSlope: 0
      tangentMode: 0
    m_PreInfinity: 2
    m_PostInfinity: 2
    m_RotationOrder: 0
  spreadCustomCurve:
    serializedVersion: 2
    m_Curve:
    - serializedVersion: 2
      time: 0
      value: 0
      inSlope: 0
      outSlope: 0
      tangentMode: 0
    m_PreInfinity: 2
    m_PostInfinity: 2
    m_RotationOrder: 4
  reverbZoneMixCustomCurve:
    serializedVersion: 2
    m_Curve:
    - serializedVersion: 2
      time: 0
      value: 1
      inSlope: 0
      outSlope: 0
      tangentMode: 0
    m_PreInfinity: 2
    m_PostInfinity: 2
    m_RotationOrder: 0
